@ONLINE{lester-macho,
	title = {A look at Apple executable files},
	author = {{Scott Lester}},
	year = {2020},
	url = {https://redmaple.tech/blogs/macho-files/}
}

@ONLINE{moulton-macho,
	title = {Mach-O File Format: Introduction},
	author = {{Harry Moulton}},
	year = {2020},
	url = {https://h3adsh0tzz.com/posts/macho-file-format}
}

@ONLINE{github-libhelper,
	title = {The Libhelper Project, Github},
	author = {Harry Moulton},
	year = {2020-2022},
	url = {https://github.com/h3adshotzz/libhelper/tree/3.0.0}
}



@ONLINE{security-through-obscurity,
	title = {Security through Obscurity},
	author = {Wikipedia},
	year = {2019},
	url = {https://en.wikipedia.org/wiki/Security_through_obscurity}
}

@ONLINE{kcache-iphonewiki,
	title = {Kernelcache},
	author = {{iPhoneWiki}},
	year = {2019},
	url = {https://www.theiphonewiki.com/wiki/Kernelcache}
}

@ONLINE{azad-tagged-pointers,
	title = {Analyzing the iOS 12 kernelcache's tagged pointers},
	author = {{Brandon Azad}},
	year = {2018},
	url = {https://bazad.github.io/2018/06/ios-12-kernelcache-tagged-pointers/}
}

@ONLINE{azad-pac-indepth,
	title = {Examining Pointer Authentication on the iPhone XS},
	author = {{Brandon Azad}},
	year = {2018},
	url = {https://googleprojectzero.blogspot.com/2019/02/examining-pointer-authentication-on.html}
}

@ONLINE{rutland-pac-slides,
	title = {ARMv8.3 Pointer Authentication},
	author = {{Mark Rutland}},
	year = {2017},
	url = {https://events.static.linuxfound.org/sites/events/files/slides/slides_23.pdf}
}



@ONLINE{sijun-kernel-paper,
	title = {Research on Offense and Defense Technology for iOS Kernel Security Mechanism },
	author = {{Sijun Chu & Hao Wu}},
	year = {2018},
	url = {https://aip.scitation.org/doi/pdf/10.1063/1.5033796}
}


@ONLINE{rasegen-github,
	title = {rasengan - extract various firmware blobs from iBoot},
	author = {{b1n4r1b01}},
	year = {2020},
	url = {https://github.com/b1n4r1b01/rasengan}
}

@ONLINE{binaryboy-iboot-tweet,
	title = {A13 iBoots have 4 embedded firmwares},
	author = {{b1n4r1b01}},
	year = {2020},
	url = {https://twitter.com/b1n4r1b01/status/1237413317901082626}
}

@ONLINE{levin-newosxbook-iboot,
	title = {*OS Internals Volume II},
	author = {{Jonathan Levin}},
	year = {2019},
	url = {http://newosxbook.com/bonus/iBoot.pdf}
}

@ONLINE{apple-system-kernel-macos,
    title = {System and Kernel Extensions in macOS},
    author = {{Apple}},
    year = {2021},
    url = {https://support.apple.com/en-gb/guide/deployment/depa5fb8376f/web}
}

@ONLINE{duo-labs-t2-intro,
    title = {Apple iMac Pro and Secure Storage},
    author = {{Pepijn Bruienne}},
    year = {2018},
    url = {https://duo.com/blog/apple-imac-pro-and-secure-storage}
}










